% This file was created with JabRef 2.5.
% Encoding: Cp1252

@ARTICLE{,
  author = {Bocksrocker, Tobias AND Colsmann, Alexander AND Lemmer, Uli},
  title = {Praktikumsanleitung Organische Leuchtdioden},
  journal = {Lichttechnisches Institut, Karlsruher Institut für Technologie},
  year = {28. Juli 2010},
  owner = {wo},
  timestamp = {2010.12.01}
}

